%% This BibTeX bibliography file was created using BibDesk.
%% http://bibdesk.sourceforge.net/


%% Created for 相原龍 at 2017-02-06 15:31:15 +0900 


%% Saved with string encoding Unicode (UTF-8) 



@article{Nakashika14,
	Author = {T. Nakashika},
	Date-Added = {2017-02-06 06:27:53 +0000},
	Date-Modified = {2017-02-06 06:31:15 +0000},
	Journal = {Doctral Thesis},
	Title = {Voice Conversion Based on Deep Learning},
	Year = {2014}}

@article{Ueda15,
	Author = {R. Ueda and R. Aihara and T. Takiguchi and Y. Ariki},
	Date-Added = {2017-01-18 13:17:17 +0000},
	Date-Modified = {2017-01-18 13:18:13 +0000},
	Journal = {in Proc. SLPAT},
	Title = {Individuality-Preserving Spectrum Modification for Articulation Disorders Using Phone Selective Synthesis},
	Year = {2015}}

@article{Aihara14d,
	Author = {R. Aihara and R. Ueda and T. Takiguchi and Y. Ariki},
	Date-Added = {2017-01-18 12:42:44 +0000},
	Date-Modified = {2017-01-18 12:43:43 +0000},
	Journal = {in Proc. APSIPA},
	Title = {Exemplar-based Emotional Voice Conversion Using Non-negative Matrix Factorization},
	Year = {2014}}

@article{Maier10,
	Author = {A. Maier and T. Haderlein and F. Stelzle and E. Noth and E. Nkenke and F. Rosanowski and A. Schutzenberger and M. Schuster},
	Date-Added = {2017-01-18 12:33:47 +0000},
	Date-Modified = {2017-01-19 06:58:50 +0000},
	Journal = {EURASIP Journal on Audio, Speech, and Music Processing},
	Title = {Automatic Speech Recognition Systems for the Evaluation of Voice and Speech Disorders in Head and Neck Cancer},
	Year = {2010}}

@article{Aihara15g,
	Author = {R. Aihara and Y. Takashima and T. Takiguchi and Y. Ariki},
	Date-Added = {2017-01-18 12:29:28 +0000},
	Date-Modified = {2017-01-19 06:59:09 +0000},
	Journal = {in Proc. The 17th International Symposium on Applied Electromagnetics and Mechanics (ISEM2015)},
	Title = {Home Appliance Control Using Speech Recognition for a Person with an Articulation Disorder},
	Year = {2015}}

@article{Yabu06,
	Author = {K. Yabu and T. Ifukube and S. Aomura},
	Date-Added = {2017-01-18 12:23:09 +0000},
	Date-Modified = {2017-01-18 13:15:04 +0000},
	Journal = {EIC Technical Report (Institute of Electronics, Information and Communication Engineers)},
	Number = {686},
	Pages = {59-64},
	Title = {A basic design of wearable speech synthesizer for voice disorders [Japanese]},
	Volume = {105},
	Year = {2006}}

@article{Aihara15f,
	Author = {R. Aihara and T. Fujii and T. Nakashika and T. Takiguchi and Y. Ariki},
	Date-Added = {2017-01-18 12:09:04 +0000},
	Date-Modified = {2017-01-18 12:09:57 +0000},
	Journal = {in Proc. The 23rd European Signal Processing Conference (EUSIPCO)},
	Pages = {315--319},
	Title = {NOISE-ROBUST VOICE CONVERSION USING A SMALL PARALLEL DATA BASED ON NON-NEGATIVE MATRIX FACTORIZATION},
	Year = {2015}}

@article{AIhara15e,
	Author = {R. Aihara and T. Fujii and T. Nakashika and T. Takiguchi and Y. Ariki},
	Date-Added = {2017-01-18 12:07:12 +0000},
	Date-Modified = {2017-01-18 12:08:22 +0000},
	Journal = {EURASIP Journal on Audio, Speech, and Music Processing, doi:10.1186/s13636-015-0075-4},
	Title = {Small-parallel exemplar-based voice conversion in noisy environments using affine non-negative matrix factorization},
	Year = {2015}}

@article{Aihara15d,
	Author = {R. Aihara and T. Takiguchi and Y. Ariki},
	Date-Added = {2017-01-18 12:04:11 +0000},
	Date-Modified = {2017-01-18 12:05:52 +0000},
	Journal = {ACM Transactions on Accessible Computing (TACCESS)},
	Number = {4},
	Pages = {13:1--13:17},
	Title = {Individuality-Preserving Voice Conversion for Articulation Disorders Using Phoneme-Categorized Exemplars},
	Volume = {6},
	Year = {2015}}

@article{Aihara15c,
	Author = {R. Aihara and T. Takiguchi and Y. Ariki},
	Date-Added = {2017-01-18 11:59:35 +0000},
	Date-Modified = {2017-01-18 12:00:28 +0000},
	Journal = {in Proc. IEEE Workshop on Applications of Signal Processing to Audio and Acoustics},
	Title = {MANY-TO-ONE VOICE CONVERSION USING EXEMPLAR-BASED SPARSE REPRESENTATION},
	Year = {2015}}

@article{Aihara15b,
	Author = {R. Aihara and T. Takiguchi and Y. Ariki},
	Date-Added = {2017-01-18 11:57:36 +0000},
	Date-Modified = {2017-01-18 11:59:10 +0000},
	Journal = {in Proc. Interspeech},
	Pages = {2749-2753},
	Title = {Many-to-many Voice Conversion Based on Multiple Non-negative Matrix Factorization},
	Year = {2015}}

@article{Aihara16d,
	Author = {R. Aihara and T. Takiguchi and Y. Ariki},
	Date-Added = {2017-01-18 11:44:37 +0000},
	Date-Modified = {2017-01-18 11:45:45 +0000},
	Journal = {in Proc. Interspeech},
	Pages = {292-296},
	Title = {Parallel Dictionary Learning for Voice Conversion Using Discriminative Graph-embedded Non-negative Matrix Factorization},
	Year = {2016}}

@article{Aihara16c,
	Author = {R. Aihara and T. Takiguchi and Y. Ariki},
	Date-Added = {2016-12-09 12:01:56 +0000},
	Date-Modified = {2016-12-09 12:03:37 +0000},
	Journal = {IEEE/ACM Trans. on Audio, Speech, and Language Processing},
	Number = {7},
	Pages = {1175-1184},
	Title = {Multiple Non-negative Matrix Factorization for Many-to-many Voice Conversion},
	Volume = {24},
	Year = {2016}}

@article{Takamichi15,
	Author = {S. Takamichi and T. Toda and A. W. Black and S. Nakamura},
	Date-Added = {2016-12-02 09:14:36 +0000},
	Date-Modified = {2016-12-06 09:37:14 +0000},
	Journal = {in Proc. ICASSP},
	Pages = {4859--4863},
	Title = {Modulation Spectrum-Constrained Trajectory Training for GMM-Based Voice Conversion},
	Year = {2015}}

@article{Helander12,
	Author = {E Helander and H Sil{\'e}n and T Virtanen and M Gabbouj},
	Date-Added = {2016-12-02 08:51:31 +0000},
	Date-Modified = {2016-12-02 08:51:31 +0000},
	Journal = {IEEE transactions on audio, speech, and language processing},
	Number = {3},
	Pages = {806-817},
	Title = {Voice conversion using dynamic kernel partial least squares regression},
	Volume = {20},
	Year = {2012}}

@article{Jong93,
	Author = {S. de Jong},
	Date-Added = {2016-12-02 08:51:09 +0000},
	Date-Modified = {2016-12-02 08:51:09 +0000},
	Journal = {Chemometrics Intell. Lab. Syst},
	Number = {3},
	Pages = {251--263},
	Title = {{SIMPLS}: An alternative approach to partial least squares regression},
	Volume = {18},
	Year = {1993}}

@article{Tokuda00,
	Author = {K. Tokuda and T. Yoshimura and T. Masuko and T. Kobayashi and T. Kitamura},
	Date-Added = {2016-12-02 03:40:59 +0000},
	Date-Modified = {2016-12-02 03:42:04 +0000},
	Journal = {in Proc. ICASSP},
	Pages = {1315--1318},
	Title = {Speech parameter generation algorithms for HMM-based speech synthesis},
	Year = {2000}}

@article{Dempster77,
	Author = {A. P. Dempster and N. M. Laird and D. B. Rubin},
	Date-Added = {2016-11-29 09:14:54 +0000},
	Date-Modified = {2016-11-29 10:02:08 +0000},
	Journal = {Journal of the Royal statistical Society},
	Number = {1},
	Pages = {1--38},
	Publisher = {Series B},
	Title = {Maximum likelihood from incomplete data via the EM algorithm},
	Volume = {39},
	Year = {1977}}

@article{Toth07,
	Author = {A. R. Toth and A. W. Black},
	Date-Added = {2016-11-29 09:13:50 +0000},
	Date-Modified = {2017-01-19 06:54:44 +0000},
	Journal = {in Proc. ISCA SSW6},
	Pages = {182--187},
	Title = {Using articulatory position data in voice transformation},
	Year = {2007}}

@article{Aihara16b,
	Author = {R. Aihara and T. Takiguchi and Y. Ariki},
	Date-Added = {2016-11-29 08:41:08 +0000},
	Date-Modified = {2016-11-29 08:41:55 +0000},
	Journal = {Interspeech},
	Pages = {292-296},
	Title = {Parallel Dictionary Learning for Voice Conversion Using Discriminative Graph-embedded Non-negative Matrix Factorization},
	Year = {2016}}

@article{Aihara16,
	Author = {R. Aihara and T. Takiguchi and Y. Ariki},
	Date-Added = {2016-11-29 08:39:19 +0000},
	Date-Modified = {2016-11-29 10:13:59 +0000},
	Journal = {in Proc. ICASSP},
	Pages = {5170-5174},
	Title = {SEMI-NON-NEGATIVE MATRIX FACTORIZATION USING ALTERNATING DIRECTION METHOD OF MULTIPLIERS FOR VOICE CONVERSION},
	Year = {2016}}

@article{Erro14,
	Author = {D. Erro and I. Sainz and E. Navas and I. Hernaez},
	Date-Added = {2016-11-28 07:28:19 +0000},
	Date-Modified = {2016-11-28 07:29:28 +0000},
	Journal = {IEEE J. Sel. Topics in Signal Process.},
	Pages = {184-194},
	Title = {Harmonics plus Noise Model based Vocoder for Statistical Parametric Speech Synthesis},
	Volume = {8(2)},
	Year = {2014}}

@article{Morise16,
	Author = {M. Morise and F. Yokomori and K. Ozawa},
	Date-Added = {2016-11-28 07:24:58 +0000},
	Date-Modified = {2016-11-28 07:26:02 +0000},
	Journal = {IEICE transactions on information and systems},
	Number = {7},
	Pages = {1877-1884},
	Title = {WORLD: a vocoder-based high-quality speech synthesis system for real-time applications},
	Volume = {E99-D},
	Year = {2016}}

@article{Kawahara08,
	Author = {H. Kawahara and M. Morise and T. Takahashi and R. Nisimura and T. Irino and H. Banno},
	Date-Added = {2016-11-28 05:44:55 +0000},
	Date-Modified = {2017-01-19 07:13:28 +0000},
	Journal = {in Proc. ICASSP},
	Pages = {3933--3936},
	Title = {{TANDEM-STRAIGHT}: A temporally stable power spectral representation for periodic signals and applications to interference-free spectrum, F0, and aperiodicity estimation},
	Year = {2008}}

@article{Imai83,
	Author = {S. Imai},
	Date-Added = {2016-11-28 05:44:22 +0000},
	Date-Modified = {2017-01-19 07:14:26 +0000},
	Journal = {in Proc. ICASSP},
	Pages = {93--96},
	Title = {Cepstral analysis synthesis on the mel frequency scale},
	Volume = {8},
	Year = {1983}}

@article{Ramabadran01,
	Author = {T. Ramabadran and J. Meunier and M. Jasiuk and B. Kushner},
	Date-Added = {2016-11-28 05:43:53 +0000},
	Date-Modified = {2017-01-19 07:13:59 +0000},
	Journal = {in Proc. Interspeech},
	Pages = {1859--1862},
	Title = {Enhancing distributed speech recognition with back-end speech reconstruction.},
	Year = {2001}}

@article{Tychtl99,
	Author = {Z. Tychtl and J. Psutka},
	Date-Added = {2016-11-28 05:43:23 +0000},
	Date-Modified = {2017-01-19 07:14:11 +0000},
	Journal = {in Proc. EUROSPEECH},
	Pages = {2335--2338},
	Title = {Speech production based on the mel-frequency cepstral coefficients.},
	Volume = {99},
	Year = {1999}}

@article{Milner02,
	Author = {B. Milner and X. Shao},
	Date-Added = {2016-11-28 05:42:18 +0000},
	Date-Modified = {2017-01-19 07:13:39 +0000},
	Journal = {in Proc. Interspeech},
	Pages = {2421--2424},
	Title = {Speech reconstruction from mel-frequency cepstral coefficients using a source-filter model},
	Year = {2002}}

@article{Mermelstein76,
	Author = {P. Mermelstein},
	Date-Added = {2016-11-28 05:41:45 +0000},
	Date-Modified = {2016-11-29 10:10:52 +0000},
	Journal = {Pattern recognition and artificial intelligence},
	Pages = {374--388},
	Publisher = {New York: Academic},
	Title = {Distance measures for speech recognition, psychological and instrumental},
	Volume = {116},
	Year = {1976}}

@article{Bogert63,
	Author = {B. P. Bogert and M. Healy and J. W. Tukey},
	Date-Added = {2016-11-28 05:41:03 +0000},
	Date-Modified = {2017-01-19 07:13:10 +0000},
	Journal = {in Proc. the symposium on time series analysis},
	Pages = {209--243},
	Title = {The quefrency alanysis of time series for echoes: Cepstrum, pseudo-autocovariance, cross-cepstrum and saphe cracking},
	Volume = {15},
	Year = {1963}}

@book{Muller07,
	Author = {M. M{\"u}ller},
	Date-Added = {2016-11-25 11:40:25 +0000},
	Date-Modified = {2017-01-19 06:52:11 +0000},
	Publisher = {Springer},
	Title = {Information retrieval for music and motion},
	Volume = {6},
	Year = {2007}}

@article{Gillett03,
	Author = {B. Gillett and S. King},
	Date-Added = {2016-11-25 11:37:49 +0000},
	Date-Modified = {2017-01-19 07:06:05 +0000},
	Journal = {in Proc. EUROSPEECH},
	Title = {Transforming {F0} contours},
	Year = {2003}}

@article{Chappell98,
	Author = {D. T. Chappell and J. Hansen},
	Date-Added = {2016-11-25 11:37:00 +0000},
	Date-Modified = {2017-01-19 07:10:33 +0000},
	Journal = {in Proc. ICASSP},
	Pages = {885--888},
	Title = {Speaker-specific pitch contour modeling and modification},
	Volume = {2},
	Year = {1998}}

@article{Helander07b,
	Author = {E. Helander and J. Nurminen},
	Date-Added = {2016-11-25 11:36:03 +0000},
	Date-Modified = {2017-01-19 07:09:46 +0000},
	Journal = {in Proc. Interspeech},
	Pages = {2665--2668},
	Title = {On the importance of pure prosody in the perception of speaker identity.},
	Year = {2007}}

@article{Helander07,
	Author = {E. Helander and J. Nurminen},
	Date-Added = {2016-11-25 11:35:18 +0000},
	Date-Modified = {2017-01-19 07:12:30 +0000},
	Journal = {in Proc. ICASSP},
	Pages = {509--512},
	Title = {A novel method for prosody prediction in voice conversion},
	Volume = {4},
	Year = {2007}}

@article{Lavner01,
	Author = {Y. Lavner and J. Rosenhouse and I. Gath},
	Date-Added = {2016-11-25 11:34:35 +0000},
	Date-Modified = {2016-11-29 10:16:50 +0000},
	Journal = {International Journal of Speech Technology},
	Number = {1},
	Pages = {63--74},
	Publisher = {Springe},
	Title = {The prototype model in speaker identification by human listeners},
	Volume = {4},
	Year = {2001}}

@book{Moller00,
	Author = {S. M{\"o}ller},
	Date-Added = {2016-11-25 11:33:49 +0000},
	Date-Modified = {2016-11-29 10:17:32 +0000},
	Publisher = {Springer},
	Title = {Assessment and prediction of speech quality in telecommunications},
	Year = {2000}}

@article{Yamagishi13,
	Author = {J. Yamagishi and Christophe Veaux and Simon King and Steve Renals},
	Date-Added = {2016-11-25 11:29:22 +0000},
	Date-Modified = {2016-11-25 11:29:22 +0000},
	Journal = {Acoustical Science and Technology, Vol. 33 (2012) No. 1},
	Pages = {1--5},
	Title = {Speech synthesis technologies for individuals with vocal disabilities: {V}oice banking and reconstruction},
	Year = {2013}}

@article{Nakamura06,
	Author = {K. Nakamura and T. Toda and H. Saruwatari and K. Shikano},
	Date-Added = {2016-11-25 11:29:11 +0000},
	Date-Modified = {2017-01-19 06:58:11 +0000},
	Journal = {in Proc. Interspeech},
	Pages = {148-151},
	Title = {Speaking Aid System for Total Laryngectomees Using Voice Conversion of Body Transmitted Artificial Speech},
	Year = {2006}}

@techreport{Canale02,
	Author = {S. T. Canale and W. C. Campbell},
	Date-Added = {2016-11-25 11:29:02 +0000},
	Date-Modified = {2016-11-25 11:29:02 +0000},
	Institution = {Mosby-Year Book},
	Title = {Campbell's Operative Orthopaedics},
	Year = {2002}}

@article{Hohhegaard13,
	Author = {M. V. Hollegaard and K. Skogstrand and P. Thorsen and B. Norgaard-Pedersen and D. M. Hougaard and J. Grove},
	Date-Added = {2016-11-25 11:28:51 +0000},
	Date-Modified = {2016-11-29 10:08:38 +0000},
	Journal = {Human Mutation, Vol. 34},
	Pages = {143-148},
	Title = {Joint Analysis of {SNP}s and Proteins Identifies Regulatory {IL}18 Gene Variations Decreasing the Chance of Spastic Cerebral Palsy},
	Year = {2013}}

@article{Masuda07,
	Author = {T. Masuda and M. Shozakai},
	Date-Added = {2015-12-03 07:05:09 +0000},
	Date-Modified = {2016-11-29 10:09:37 +0000},
	Journal = {in Proc. ICASSP},
	Pages = {693--696},
	Title = {COST REDUCTION OF TRAINING MAPPING FUNCTION BASED ON MULTISTEP VOICE CONVERSION},
	Volume = {4},
	Year = {2007}}

@article{Ohta10,
	Author = {K. Ohta and T. Toda and Y. Ohtani and H. Saruwatari and K. Shikano},
	Date-Added = {2015-09-22 02:52:05 +0000},
	Date-Modified = {2017-01-19 07:02:04 +0000},
	Journal = {in Proc. Interspeech},
	Pages = {2158--2161},
	Title = {Adaptive voice-quality control based on one-to-many eigenvoice conversion},
	Year = {2010}}

@article{Aihara15,
	Author = {R. Aihara and T. Takiguchi and Y. Ariki},
	Date-Added = {2015-07-16 07:10:00 +0000},
	Date-Modified = {2016-11-29 09:59:08 +0000},
	Journal = {in Proc. ICASSP},
	Pages = {4899-4903},
	Title = {ACTIVITY-MAPPING NON-NEGATIVE MATRIX FACTORIZATION FOR EXEMPLAR-BASED VOICE CONVERSION},
	Year = {2015}}

@article{Nakashika15,
	Author = {T. Nakashika and T. Takiguchi and Y. Ariki},
	Date-Added = {2015-07-14 09:10:24 +0000},
	Date-Modified = {2017-01-19 07:28:27 +0000},
	Journal = {IEEE/ACM Transactions on Audio, Speech and Language Processing},
	Number = {3},
	Pages = {580-587},
	Title = {Voice Conversion Using {RNN} Pre-Trained by Recurrent Temporal Restricted {B}oltzmann Machines},
	Volume = {23},
	Year = {2015}}

@article{Ling-Hui13,
	Author = {C. Ling-Hui and L. Zhen-Hua and S. Yan and D. Li-Rong},
	Date-Added = {2015-07-14 09:08:42 +0000},
	Date-Modified = {2015-07-14 09:09:59 +0000},
	Journal = {in Proc. Interspeech},
	Pages = {3052---3056},
	Title = {Joint spectral distribution modeling using restricted Boltzmann machines for voice conversion},
	Year = {2013}}

@book{Cichocki09,
	Author = {A. Cichocki and R. Zdnek and A. H. Phan and S. Amari},
	Date-Added = {2015-07-06 09:33:57 +0000},
	Date-Modified = {2016-02-17 09:35:25 +0000},
	Publisher = {WILKEY},
	Title = {Nonnegative Matrix and Tensor Factorizations: Applications to Exploratory Multi-way Data Analysis and Blind Source Separation},
	Year = {2009}}

@article{Barker13,
	Author = {T. Barker and T. Virtanen},
	Date-Added = {2015-07-06 09:32:29 +0000},
	Date-Modified = {2015-07-16 07:40:25 +0000},
	Journal = {in Proc. Interspeech},
	Pages = {827--831},
	Title = {Non-negative Tensor Factorisation of Modulation Spectrograms for Monaural Sound Source Separation},
	Year = {2013}}

@article{Kim12,
	Author = {J. Kim and R. D. C. Monteiro and H. Park},
	Date-Added = {2015-07-06 09:28:23 +0000},
	Date-Modified = {2015-07-06 09:30:30 +0000},
	Journal = {in Proc. the SIAM International Conference on Data Mining},
	Pages = {851--862},
	Title = {Group Sparsity in Nonnegative Matrix Factorization},
	Year = {2012}}

@article{Hoyer04,
	Author = {P. O. Hoyer},
	Date-Added = {2015-07-06 09:26:06 +0000},
	Date-Modified = {2015-07-06 09:27:05 +0000},
	Journal = {Journal of Machine Learning Research},
	Number = {5},
	Pages = {1457--1469},
	Title = {Non-negative Matrix Factorization with Sparseness Constraint},
	Year = {2004}}

@article{Sawada12,
	Author = {H. Sawada and H. Kameoka and S. Araki and N. Ueda},
	Date-Added = {2015-07-02 08:38:13 +0000},
	Date-Modified = {2016-11-29 10:05:25 +0000},
	Journal = {in Proc. ICASSP},
	Pages = {261-264},
	Title = {Efficient algorithms for multichannel extensions of Itakura-Saito nonnegative matrix factorization},
	Year = {2012}}

@article{Sun14,
	Author = {D. L. Sun and C. F{\'e}votte},
	Date-Added = {2015-07-02 08:31:46 +0000},
	Date-Modified = {2015-07-02 08:34:59 +0000},
	Journal = {in Proc. ICASSP},
	Pages = {6242--6246},
	Title = {ALTERNATING DIRECTION METHOD OF MULTIPLIERS FOR NON-NEGATIVE MATRIX FACTORIZATION WITH THE BETA-DIVERGENCE},
	Year = {2014}}

@article{Virtanen14,
	Author = {T. Virtanen and B. Raj and J. F. Gemmeke and H. Van hamme},
	Date-Added = {2015-07-02 08:30:23 +0000},
	Date-Modified = {2015-07-02 08:30:23 +0000},
	Journal = {in Proc. ICASSP},
	Number = {3116--3120},
	Title = {Active-set newton algorithm for non-negative sparse coding of audio},
	Year = {2014}}

@article{Fevotte09,
	Author = {C.~F{\'e}votte and N.~Bertin and J. L.~Durrieu},
	Date-Added = {2015-07-02 07:17:10 +0000},
	Date-Modified = {2017-01-19 07:07:23 +0000},
	Journal = {Neural Computation},
	Number = {3},
	Pages = {793-830},
	Title = {Nonnegative matrix factorization with the {I}takura-{S}aito divergence with application to music analysis},
	Volume = {21},
	Year = {2009}}

@article{Fevotte11,
	Author = {C.~F{\'e}votte and J.~Idier},
	Date-Added = {2015-07-02 07:17:10 +0000},
	Date-Modified = {2015-07-02 07:17:10 +0000},
	Journal = {Neural Computation},
	Number = {9},
	Pages = {2421--2456},
	Title = {Algorithms for nonnegative matrix factorization with the beta-divergence},
	Volume = {23},
	Year = {2011}}

@article{Ohtani09,
	Author = {Y. Ohtani and T. Toda and H. Saruwatari and K. Shikano},
	Date-Added = {2015-03-13 05:53:06 +0000},
	Date-Modified = {2015-03-13 05:53:15 +0000},
	Journal = {in Proc. Interspeech},
	Pages = {1623--1626},
	Title = {Many-to-Many Eigenvoice Conversion with Reference Voice},
	Year = {2009}}

@article{Ohtani14,
	Author = {Y. Ohtani and M. Tamura and M. Morita and M. Akamine},
	Date-Added = {2015-03-13 05:37:18 +0000},
	Date-Modified = {2015-03-13 05:37:45 +0000},
	Journal = {in Proc. Interspeech},
	Pages = {2489--2493},
	Title = {{GMM}-based bandwidth extension using sub-band basis spectrum model},
	Year = {2014}}

@article{Nakamura14,
	Author = {K. Nakamura and K. Hashimoto and K. Oura and Y. Nankaku and K. Tokuda},
	Date-Added = {2015-03-13 05:37:14 +0000},
	Date-Modified = {2015-03-13 05:37:37 +0000},
	Journal = {in Proc. Interspeech},
	Pages = {2494-2498},
	Title = {A mel-cepstral analysis technique restoring high frequency components from low-sampling-rate speech},
	Year = {2014}}

@article{Aihara14c,
	Author = {R. Aihara and R. Takashima and T. Takiguchi and Y. Ariki},
	Date-Added = {2015-02-19 08:33:03 +0000},
	Date-Modified = {2017-01-18 12:20:17 +0000},
	Journal = {IEICE Transactions on Information and Systems},
	Number = {6},
	Pages = {1411-1418},
	Rating = {2},
	Title = {Noise-Robust Voice Conversion Based on Sparse Spectral Mapping Using Non-negative Matrix Factorization},
	Volume = {E97-D},
	Year = {2014}}

@article{Aihara14b,
	Author = {R. Aihara and T. Nakashika and T. Takiguchi and Y. Ariki},
	Date-Added = {2015-02-19 08:30:32 +0000},
	Date-Modified = {2016-11-29 09:51:35 +0000},
	Journal = {in Proc. ICASSP},
	Pages = {7944-7948},
	Title = {VOICE CONVERSION BASED ON NON-NEGATIVE MATRIX FACTORIZATION USING PHONEME-CATEGORIZED DICTIONARY},
	Year = {2014}}

@article{Aihara14,
	Author = {R. Aihara and R. Takashima and T. Takiguchi and Y. Ariki},
	Date-Added = {2015-02-19 08:27:22 +0000},
	Date-Modified = {2016-11-29 09:51:18 +0000},
	Journal = {EURASIP Journal on Audio, Speech, and Music Processing},
	Title = {A preliminary demonstration of exemplar-based voice conversion for articulation disorders using an individuality-preserving dictionary},
	Volume = {2014:5, doi:10.1186/1687-4722-2014-5},
	Year = {2014}}

@article{Wu14,
	Author = {Z. Wu and T. Virtanen and E. S. Chng and H. Li},
	Date-Added = {2015-02-19 08:25:23 +0000},
	Date-Modified = {2015-02-19 08:26:54 +0000},
	Journal = {IEEE Trans. Audio, Speech, Lang. Process.},
	Number = {10},
	Pages = {1506--1521},
	Title = {Exemplar-based sparse representation with residual compensation for voice conversion},
	Volume = {22},
	Year = {2014}}

@article{Masaka14,
	Author = {K. Masaka and R. Aihara and T. Takiguchi and Y. Ariki},
	Date-Added = {2015-02-19 08:23:42 +0000},
	Date-Modified = {2015-07-22 06:16:22 +0000},
	Journal = {in Proc. Interspeech},
	Title = {Multimodal Exemplar-based Voice Conversion using Lip Features in Noisy Environments},
	Volume = {1159-1163},
	Year = {2014}}

@article{Takashima13,
	Author = {R. Takashima and T. Takiguchi and Y. Ariki},
	Date-Added = {2015-02-19 08:21:21 +0000},
	Date-Modified = {2015-02-19 08:23:26 +0000},
	Journal = {IEICE Transactions on Fundamentals of Electronics, Communications and Computer Sciences},
	Number = {10},
	Pages = {1946-1953},
	Title = {Exemplar-Based Voice Conversion Using Sparse Representation in Noisy Environments},
	Volume = {E96-A},
	Year = {2013}}

@article{Lee06,
	Author = {C. H. Lee and C. H. Wu},
	Date-Added = {2015-02-19 08:18:13 +0000},
	Date-Modified = {2015-07-22 06:16:10 +0000},
	Journal = {in Proc. Interspeech},
	Pages = {2254--2257},
	Title = {{MAP}-based adaptation for speech conversion using adaptation data selection and non-parallel training},
	Year = {2006}}

@article{Abe88,
	Author = {M. Abe and S. Nakamura and K. Shikano and H. Kuwabara},
	Date-Modified = {2015-02-19 08:15:31 +0000},
	Journal = {in Proc. ICASSP},
	Pages = {655-658},
	Title = {Esophageal speech enhancement based on statistical voice conversion with Gaussian mixture models},
	Year = {1988}}

@article{Aihara12,
	Author = {R. Aihara and R. Takashima and T. Takiguchi and Y. Ariki},
	Journal = {American Journal of Signal Processing},
	Number = {5},
	Title = {{GMM}-Based Emotional Voice Conversion Using Spectrum and Prosody Features},
	Volume = {2},
	Year = {2012}}

@article{Aihara13,
	Author = {R. Aihara and R. Takashima and T. Takiguchi and Y. Ariki},
	Date-Modified = {2016-11-29 09:50:43 +0000},
	Journal = {in Proc. ICASSP},
	Pages = {8037-8040},
	Title = {Individuality-Preserving Voice Conversion for Articulation Disorders Based on {N}on-negative {M}atrix {F}actorization},
	Year = {2013}}

@article{Bashar03,
	Author = {M. K. Bashar and T. Matsumoto and Y. Takeuchi and H. Kudo and N. Ohnishi},
	Date-Modified = {2017-01-19 06:57:47 +0000},
	Journal = {in Proc. 6th {IASTED} International Conference {COMPUTER GRAPHICS AND IMAGING}},
	Title = {Unsupervised Texture Segmentation via Wavelet-based Locally Orderless Images (WLOIs) and {SOM}},
	Year = {2003}}

@article{En-Najjary04,
	Author = {T. En-Najjary and O. Roec and T. Chonavel},
	Date-Modified = {2016-11-29 10:02:30 +0000},
	Journal = {in Proc. ICSLP},
	Pages = {199-203},
	Title = {A Voice Conversion Method Based on Joint Pitch and Spectral Envelope Transformation},
	Year = {2004}}

@article{Grais11,
	Author = {E. M. Grais and H. Erdogan},
	Date-Modified = {2017-01-19 07:01:27 +0000},
	Journal = {in Proc. Interspeech},
	Pages = {569-572},
	Title = {Adaptation of speaker-specic bases in non-negative matrix factorization for single channel speech-music separation},
	Year = {2011}}

@article{Ezaki04,
	Author = {N. Ezaki and M. Bulacu and L. Schomaker},
	Date-Modified = {2017-01-19 06:57:27 +0000},
	Journal = {in Proc. ICPR},
	Pages = {683-686},
	Title = {Text Detection from Natural Scene Images: Towards a System for Visually Impaired Persons},
	Year = {2004}}

@article{Fang03,
	Author = {G. Fang and W. Gao and D. Zhao},
	Date-Modified = {2017-01-19 06:57:06 +0000},
	Journal = {in Proc. 5th International Conference on Multimodal Interfaces},
	Pages = {125-131},
	Title = {Large vocabulary sign language recognition based on hierarchical decision trees},
	Year = {2003}}

@article{Gemmeke10,
	Author = {J. F. Gemmeke and T. Virtanen},
	Date-Modified = {2017-01-19 06:55:18 +0000},
	Journal = {in Proc. ICASSP},
	Pages = {4546-4549},
	Title = {Noise robust exemplar-based connected digit recognition},
	Year = {2010}}

@article{Gemmeke11,
	Author = {J. F. Gemmeke and T. Virtanen and A. Hurmalainen},
	Date-Modified = {2015-07-22 12:52:15 +0000},
	Journal = {IEEE Trans. Audio, Speech, Lang. Process.},
	Number = {7},
	Pages = {2067-2080},
	Title = {Exemplar-based sparse representations for noise robust automatic speech recognition},
	Volume = {19},
	Year = {2011}}

@article{Helander10,
	Author = {E. Helander and T. Virtanen and J. Nurminen and M. Gabbouj},
	Journal = {IEEE Trans. Audio, Speech, Lang. Process., vol. 18, Issue:5, pp.~912-921},
	Title = {Voice conversion using partial least squares regression},
	Year = {2010}}

@article{ITU03,
	Author = {{INTERNATIONAL TELECOMMUNICATION UNION}},
	Booktitle = {ITU-T Recommendation P.800},
	Journal = {ITU-T Recommendation P.800},
	Title = {Methods for objective and subjective assessment of quality},
	Year = {2003}}

@article{Kawanami03,
	Author = {H. Kawanami and Y. Iwami and T. Toda and K. Shikano},
	Date-Modified = {2017-01-19 07:24:20 +0000},
	Journal = {in Proc. EUROSPEECH},
	Title = {{GMM}-based Voice Conversion Applied to Emotional Speech Synthesis},
	Year = {2003}}

@article{Kain98,
	Author = {A. Kain and M. W. Macon},
	Date-Modified = {2015-03-18 03:11:39 +0000},
	Journal = {in Proc. ICASSP, vol. 1, pp. 285-288},
	Title = {Spectral voice conversion for text-to-speech synthesis},
	Year = {1998}}

@article{Kawahara03,
	Author = {H. Kawahara and H. Matsui},
	Date-Modified = {2015-02-19 08:14:59 +0000},
	Journal = {in Proc. ICASSP},
	Pages = {256-259},
	Title = {Auditory morphing based on an elastic perceptual distance metric in an interference-free time-frequency representation},
	Volume = {I},
	Year = {2003}}

@article{Kawahara06,
	Author = {H. Kawahara},
	Date-Modified = {2016-02-17 08:19:47 +0000},
	Journal = {Acoustical Science and Technology},
	Number = {6},
	Pages = {349-353},
	Title = {{STRAIGHT}, exploitation of the other aspect of vocoder: Perceptually isomorphic decomposition of speech sounds},
	Volume = {27},
	Year = {2006}}

@article{Kawahara99,
	Author = {H. Kawahara and I. Masuda-Katsuse and A.de Cheveigne},
	Journal = {Speech Communication},
	Number = {3-4},
	Pages = {187-207},
	Title = {Restructuring speech representations using a pitch-adaptive time-frequency smoothing and an instantaneous-frequencybased {F0} extraction: possible role of a repetitive structure in sounds},
	Volume = {27},
	Year = {1999}}

@article{Kitaoka09,
	Author = {N. Kitaoka and T. Yamada and S. Tsuge and C. Miyajima and K. Yamamoto and T. Nishiura and M. Nakayama and Y. Denda and M. Fujimoto and T. Takiguchi and S. Tamura and S. Matsuda and T. Ogawa and S. Kuroiwa and K. Takeda and S. Nakamura},
	Date-Modified = {2016-11-29 10:07:20 +0000},
	Journal = {Acoustical Science and Technology},
	Number = {5},
	Pages = {363-371},
	Title = {{CENSREC-1-C}: An evaluation framework for voice activity detection under noisy environments},
	Volume = {30 (2009)},
	Year = {2009}}

@article{Kominek08,
	Author = {J. Kominek and T. Schultz and A. W Black},
	Date-Modified = {2017-01-19 07:02:21 +0000},
	Journal = {in Proc. the International Workshop on Spoken Language Technology for Under-Resourced Languages (SLTU)},
	Title = {SYNTHESIZER VOICE QUALITY OF NEW LANGUAGES CALIBRATED WITH MEAN MEL CEPSTRAL DISTORTION},
	Year = {2008}}

@article{Kurematsu90,
	Author = {A. Kurematsu and K. Takeda and Y. Sagisaka and S. Katagiri and H. Kuwabara and K. Shikano},
	Date-Modified = {2016-11-29 10:06:07 +0000},
	Journal = {Speech Communication},
	Pages = {357-363},
	Title = {{ATR} {Japanese} speech database as a tool of speech recognition and synthesis},
	Volume = {9},
	Year = {1990}}

@article{Lee01,
	Author = {D. D. Lee and H. S. Seung},
	Journal = {Neural Information Processing System},
	Pages = {556-562},
	Title = {Algorithms for non-negative matrix factorization},
	Year = {2001}}

@article{Lin02,
	Author = {J. Lin and W. Ying and T. S. Huang},
	Date-Modified = {2017-01-19 07:30:36 +0000},
	Journal = {in Proc. IEEE Motion and Video Computing Workshop},
	Pages = {99-104},
	Title = {Capturing human hand motion in image sequences},
	Year = {2002}}

@article{Matsumasa09,
	Author = {H. Matsumasa and T. Takiguchi and Y. Ariki and I. Li and T. Nakabayachi},
	Journal = {Journal of Multimedia, Volume 4, Issue 4, pp. 254-261},
	Title = {Integration of Metamodel and Acoustic Model for Dysarthric Speech Recognition},
	Year = {2009}}

@article{Miyamoto10,
	Author = {C. Miyamoto and Y. Komai and T. Takiguchi and Y. Ariki and I. Li},
	Date-Modified = {2017-01-19 06:56:47 +0000},
	Journal = {in Proc. IEEE International Workshop on Multimedia Signal Processing (MMSP'10)},
	Pages = {517-520},
	Title = {Multimodal Speech Recognition of a Person with Articulation Disorders Using {AAM} and {MAF}},
	Year = {2010}}

@article{Mouchtaris06,
	Author = {A. Mouchtaris and J. Van der Spiegel and P. Mueller},
	Date-Modified = {2017-01-19 06:59:54 +0000},
	Journal = {IEEE Transactions on Audio, Speech, and Language Processing},
	Number = {3},
	Pages = {952-963},
	Title = {Nonparallel training for voice conversion based on a parameter adaptation approach},
	Volume = {14},
	Year = {2006}}

@article{Nakamura12,
	Author = {K. Nakamura and T. Toda and H. Saruwatari and K. Shikano},
	Journal = {Speech Communication},
	Number = {1},
	Pages = {134-146},
	Title = {Speaking-aid systems using {GMM}-based voice conversion for electrolaryngeal speech},
	Volume = {54},
	Year = {2012}}

@article{Ohsuga03,
	Author = {T. Ohsuga and Y. Horiuchi and A. Ichikawa},
	Journal = {IEICE Transactions on Information and Systems, 86(3), pp. 558-564},
	Title = {Estimating Syntactic Structure from Prosody in {J}apanese},
	Year = {2003}}

@article{Saito11,
	Author = {D. Saito and K. Yamamoto and N. Minematsu and K. Hirose},
	Date-Modified = {2015-07-22 06:16:35 +0000},
	Journal = {in Proc. Interspeech},
	Pages = {653-656},
	Title = {One-to-many voice conversion based on tensor representation of speaker space},
	Year = {2011}}

@article{Schmidt06,
	Author = {M. N. Schmidt and R. K. Olsson},
	Date-Modified = {2016-02-17 08:14:26 +0000},
	Journal = {in Proc. Interspeech},
	Pages = {2614--2617},
	Title = {Single-channel speech separation using sparse non-negative matrix factorization},
	Year = {2006}}

@article{Schuller10,
	Author = {Bjorn Schuller and Felix Weninger and Martin Wollmer and Yang Sun and Gerhard Rigoll},
	Date-Modified = {2017-01-19 06:55:56 +0000},
	Journal = {in Proc. ICASSP},
	Title = {NON-NEGATIVE MATRIX FACTORIZATION AS NOISE-ROBUST FEATURE EXTRACTOR FOR SPEECH RECOGNITION},
	Year = {2010}}

@article{Starner98,
	Author = {T. Starner and J. Weaver and A. Pentland},
	Journal = {IEEE Transactions on Pattern Analysis and Machine Intelligence, 20(12), pp. 1371-1375},
	Title = {Real-Time {American} Sign Language Recognition Using Desk and Wearable Computer Based Video},
	Year = {1998}}

@article{Stylianou98,
	Author = {Y. Stylianou and O. Cappe and E. Moulines},
	Date-Modified = {2015-07-22 12:50:42 +0000},
	Journal = {IEEE Trans. Speech and Audio Processing},
	Number = {2},
	Pages = {131-142},
	Title = {Continuous probabilistic transform for voice conversion},
	Volume = {6},
	Year = {1998}}

@article{Takashima12,
	Author = {R. Takashima and T. Takiguchi and Y. Ariki},
	Date-Modified = {2015-02-19 08:15:46 +0000},
	Journal = {in Proc. SLT},
	Pages = {313-317},
	Title = {Exemplar-Based Voice Conversion in Noisy Environment},
	Year = {2012}}

@article{Toda06,
	Author = {T. Toda and Y. Ohtani and K. Shikano},
	Date-Modified = {2015-02-19 08:15:12 +0000},
	Journal = {in Proc. Interspeech},
	Pages = {2446-2449},
	Title = {Eigenvoice conversion based on {G}aussian mixture model},
	Year = {2006}}

@article{Toda07,
	Author = {T. Toda and A. Black and K. Tokuda},
	Journal = {IEEE Trans. Audio, Speech, Lang. Process.},
	Number = {8},
	Pages = {2222-2235},
	Title = {Voice conversion based on maximum likelihood estimation of spectral parameter trajectory},
	Volume = {15},
	Year = {2007}}

@article{Valbret92,
	Author = {H. Valbret and E. Moulines and J. P. Tubach},
	Journal = {Speech Communication, vol. 11, no. 2-3, pp. 175-187},
	Title = {Voice transformation using {PSOLA} technique},
	Year = {1992}}

@article{Veaux12,
	Author = {C. Veaux and J. Yamagishi and S. King},
	Date-Modified = {2017-01-19 06:58:29 +0000},
	Journal = {in Proc. Interspeech},
	Title = {Using {HMM}-based Speech Synthesis to Reconstruct the Voice of Individuals with Degenerative Speech Disorders},
	Year = {2012}}

@article{Veaux11,
	Author = {C. Veaux and X. Robet},
	Date-Modified = {2015-07-22 06:17:05 +0000},
	Journal = {in Proc. Interspeech},
	Pages = {2765-2768},
	Title = {Intonation conversion from neutral to expressive speech},
	Year = {2011}}

@article{Virtanen07,
	Author = {T. Virtanen},
	Journal = {IEEE Trans. Audio, Speech, Lang. Process.},
	Number = {3},
	Pages = {1066-1074},
	Title = {Monaural sound source separation by non-negative matrix factorization with temporal continuity and sparseness criteria},
	Volume = {15},
	Year = {2007}}

@article{Wu13,
	Author = {Z. Wu and T. Virtanen and T. Kinnunen and E. S. Chng and H. Li},
	Date-Modified = {2017-01-19 06:56:21 +0000},
	Journal = {in Proc. SSW8},
	Title = {Exemplar-based voice conversion using non-negative spectrogram deconvolution},
	Year = {2013}}

@article{Wu99,
	Author = {V. Wu and R. Manmatha and E. M. Riseman},
	Date-Modified = {2017-01-18 13:10:40 +0000},
	Journal = {IEEE Transactions on Pattern Analysis and Machine Intelligence, 21(11), pp. 1224-1229},
	Title = {Textfinder: an automatic system to detect and recognize text in images},
	Year = {1999}}
